<record><leader>00000cas a2200000 a 4500</leader><controlfield tag="001">14160900</controlfield><controlfield tag="008">860829d188919uukyuwr ne      0    0eng d</controlfield><datafield ind1=" " ind2=" " tag="010"><subfield code="a">sn 86069452 </subfield></datafield><datafield ind1=" " ind2=" " tag="040"><subfield code="a">KNP</subfield><subfield code="b">eng</subfield><subfield code="c">KNP</subfield><subfield code="d">DLC</subfield><subfield code="d">KNP</subfield><subfield code="d">DLC</subfield><subfield code="d">KNP</subfield><subfield code="d">OCL</subfield><subfield code="d">OCLCQ</subfield><subfield code="d">KYUBL</subfield><subfield code="d">OCLCF</subfield><subfield code="d">OCLCO</subfield></datafield><datafield ind1="1" ind2=" " tag="029"><subfield code="a">AU@</subfield><subfield code="b">000025825694</subfield></datafield><datafield ind1=" " ind2=" " tag="042"><subfield code="a">msc</subfield></datafield><datafield ind1="0" ind2="4" tag="245"><subfield code="a">The Middlesborough news.</subfield></datafield><datafield ind1="3" ind2="0" tag="246"><subfield code="a">Middlesboro news</subfield></datafield><datafield ind1="3" ind2="0" tag="246"><subfield code="a">Evening news</subfield></datafield><datafield ind1=" " ind2=" " tag="260"><subfield code="a">Middlesborough, Ky. :</subfield><subfield code="b">T.H. Arnold and G.H. Dains</subfield></datafield><datafield ind1=" " ind2=" " tag="310"><subfield code="a">Weekly</subfield></datafield><datafield ind1="0" ind2=" " tag="362"><subfield code="a">Vol. 1, new no. 1 (Oct. 31, 1889)-</subfield></datafield><datafield ind1=" " ind2=" " tag="500"><subfield code="a">Sometimes published as: Middlesboro news; Evening news.</subfield></datafield><datafield ind1=" " ind2=" " tag="515"><subfield code="a">Vol. 1, new no. 1- called also old no. 24-</subfield></datafield><datafield ind1=" " ind2="0" tag="651"><subfield code="a">Bell County (Ky.)</subfield><subfield code="v">Newspapers.</subfield></datafield><datafield ind1=" " ind2="0" tag="651"><subfield code="a">Middlesboro (Ky.)</subfield><subfield code="v">Newspapers.</subfield></datafield><datafield ind1=" " ind2="7" tag="655"><subfield code="a">Newspapers.</subfield><subfield code="2">fast</subfield><subfield code="0">(OCoLC)fst01423814</subfield></datafield><datafield ind1=" " ind2="7" tag="651"><subfield code="a">Kentucky</subfield><subfield code="z">Bell County.</subfield><subfield code="2">fast</subfield><subfield code="0">(OCoLC)fst01205373</subfield></datafield><datafield ind1=" " ind2="7" tag="651"><subfield code="a">Kentucky</subfield><subfield code="z">Middlesboro.</subfield><subfield code="2">fast</subfield><subfield code="0">(OCoLC)fst01218758</subfield></datafield><datafield ind1=" " ind2=" " tag="752"><subfield code="a">United States</subfield><subfield code="b">Kentucky</subfield><subfield code="c">Bell</subfield><subfield code="d">Middlesboro.</subfield></datafield><datafield ind1="0" ind2=" " tag="775"><subfield code="t">Daily news (Middlesborough, Ky.)</subfield><subfield code="w">(DLC)sn 86060451</subfield></datafield></record>